@book{Louviere2000,
address = {Cambridge, Massachusetts},
author = {Louviere, Jordan J. and Hensher, David A. and Swait, Joffre},
editor = {et al. Louviere, J.J.},
file = {:Users/jhelvy/Dropbox/Mendeley/Louviere, Hensher, Swait/Unknown/Louviere, Hensher, Swait - 2000 - Stated Choice Methods Analysis and Applications.pdf:pdf},
publisher = {Cambridge University Press},
title = {{Stated Choice Methods: Analysis and Applications}},
year = {2000}
}

@article{Sonnier2007,
author = {Sonnier, Garrett and Ainslie, Andrew and Otter, Thomas},
doi = {10.1007/s11129-007-9024-6},
file = {:Users/jhelvy/Dropbox/Mendeley/Sonnier, Ainslie, Otter/Quantitative Marketing and Economics/Sonnier, Ainslie, Otter - 2007 - Heterogeneity distributions of willingness-to-pay in choice models(2).pdf:pdf},
isbn = {1112900790246},
issn = {1570-7156},
journal = {Quant. Mark. Econ.},
keywords = {bayesian analysis,choice modeling,jel classification c11,m31,willingness-to-pay},
month = {aug},
number = {3},
pages = {313--331},
title = {{Heterogeneity distributions of willingness-to-pay in choice models}},
url = {http://link.springer.com/10.1007/s11129-007-9024-6},
volume = {5},
year = {2007}
}

@book{Train2009,
author = {Train, Kenneth E.},
edition = {2nd},
file = {:Users/jhelvy/Dropbox/Mendeley/Train/Unknown/Train - 2009 - Discrete Choice Methods with Simulation.pdf:pdf},
publisher = {Cambridge University Press},
title = {{Discrete Choice Methods with Simulation}},
year = {2009}
}

@incollection{Train2005,
author = {Train, Kenneth E. and Weeks, Melvyn},
booktitle = {Appl. Simul. Methods Environ. Resour. Econ.},
chapter = {1},
file = {:Users/jhelvy/Dropbox/Mendeley/Train, Weeks/Applications of Simulation Methods in Environmental and Resource Economics/Train, Weeks - 2005 - Discrete Choice Models in Preference and Willingness-to-Pay Space.pdf:pdf},
pages = {1--16},
title = {{Discrete Choice Models in Preference and Willingness-to-Pay Space}},
url = {http://link.springer.com/chapter/10.1007/1-4020-3684-1{\_}1},
year = {2005}
}

@article{Brownstone1999,
author = {Brownstone, David and Train, Kenneth E.},
file = {:Users/jhelvy/Dropbox/Mendeley/Brownstone, Train/Journal of Econometrics/Brownstone, Train - 1999 - Forecasting new product penetration with flexible substitution patterns.pdf:pdf},
journal = {J. Econom.},
keywords = {mixed logit,probit,random-coefficients logit,simulation},
title = {{Forecasting new product penetration with flexible substitution patterns}},
volume = {89},
year = {1999}
}

@article{McFadden2000,
author = {McFadden, Daniel and Train, Kenneth E.},
doi = {10.1002/1099-1255(200009/10)15:5<447::AID-JAE570>3.0.CO;2-1},
file = {:Users/jhelvy/Dropbox/Mendeley/McFadden, Train/Journal of Applied Econometrics/McFadden, Train - 2000 - Mixed MNL models for discrete response.pdf:pdf},
issn = {0883-7252},
journal = {J. Appl. Econom.},
month = {sep},
number = {5},
pages = {447--470},
title = {{Mixed MNL models for discrete response}},
url = {http://doi.wiley.com/10.1002/1099-1255(200009/10)15:5<447::AID-JAE570>3.0.CO;2-1},
volume = {15},
year = {2000}
}
